@inproceedings{ongaro2014,
  title = {In Search of an Understandable Consensus Algorithm (Raft)},
  author = {Ongaro, Diego and Ousterhout, John},
  booktitle = {USENIX Annual Technical Conference},
  year = {2014}
}

@article{lamport1998,
  title = {The Part-Time Parliament},
  author = {Lamport, Leslie},
  journal = {ACM Transactions on Computer Systems},
  year = {1998}
}

@misc{etcd,
  title = {etcd: Distributed Reliable Key-Value Store},
  howpublished = {\url{https://github.com/etcd-io/etcd}},
  note = {Accessed 2025-09-09}
}

@inproceedings{wilcox2015,
  title = {Verdi: A Framework for Implementing and Formally Verifying Distributed Systems},
  author = {Wilcox, James R. and Woos, Doug and Panchekha, Pavel and Wang, Zhiyuan and Tatlock, Zachary and Ernst, Michael D. and Anderson, Thomas},
  booktitle = {PLDI},
  year = {2015}
}

@misc{stanfordviz,
  title = {Raft Visualization},
  howpublished = {\url{https://thesecretlivesofdata.com/raft/}},
  note = {Accessed 2025-09-09}
}

@misc{mit6824,
  title = {MIT 6.824 Distributed Systems Labs},
  howpublished = {\url{https://pdos.csail.mit.edu/6.824/}},
  note = {Accessed 2025-09-09}
}