@inproceedings{ongaro2014search,
  title        = {In Search of an Understandable Consensus Algorithm},
  author       = {Ongaro, Diego and Ousterhout, John},
  booktitle    = {USENIX Annual Technical Conference (ATC)},
  year         = {2014},
  pages        = {305--319},
  organization = {USENIX Association}
}

@phdthesis{ongaro2014thesis,
  title  = {Consensus: Bridging Theory and Practice},
  author = {Ongaro, Diego},
  school = {Stanford University},
  year   = {2014}
}

@article{lamport1998parttime,
  title   = {The Part-Time Parliament},
  author  = {Lamport, Leslie},
  journal = {ACM Transactions on Computer Systems (TOCS)},
  volume  = {16},
  number  = {2},
  pages   = {133--169},
  year    = {1998}
}

@inproceedings{chandra2007paxos,
  title     = {Paxos Made Live -- An Engineering Perspective},
  author    = {Chandra, Tushar D. and Griesemer, Robert and Redstone, Joshua},
  booktitle = {Proceedings of the Twenty-Sixth Annual ACM Symposium on Principles of Distributed Computing (PODC)},
  year      = {2007},
  pages     = {398--407}
}

@inproceedings{wilcox2015verdi,
  title     = {Verdi: A Framework for Implementing and Formally Verifying Distributed Systems},
  author    = {Wilcox, James and et al.},
  booktitle = {USENIX Symposium on Operating Systems Design and Implementation (OSDI)},
  year      = {2015}
}

@misc{mit6824labs,
  author       = {{MIT PDOS}},
  title        = {Distributed Systems (6.824) Labs},
  year         = {2025},
  howpublished = {\url{https://pdos.csail.mit.edu/6.824/labs/}},
  note         = {Accessed 2025-08-31}
}

@misc{raftviz,
  author       = {{Raft Visualization}},
  title        = {Raft Interactive Visualization},
  year         = {2025},
  howpublished = {\url{https://raft.github.io/}},
  note         = {Accessed 2025-08-31}
}

@misc{etcdraft,
  author       = {{etcd Authors}},
  title        = {etcd Raft Implementation},
  year         = {2025},
  howpublished = {\url{https://github.com/etcd-io/etcd/tree/main/raft}},
  note         = {Accessed 2025-08-31}
}

@misc{yourrepo2025,
  author       = {Shresth},
  title        = {Instrumented Raft + Dashboard: Measuring Failover, Latency, and Tenure},
  year         = {2025},
  howpublished = {\url{https://github.com/Shre-coder22/raft-distributed-systems-lab}},
  note         = {GitHub repository}
}

@misc{zenodo2025,
  author       = {Shresth},
  title        = {Artifact snapshot for Instrumented Raft + Dashboard},
  year         = {2025},
  howpublished = {\url{<replace-with-Zenodo-DOI-URL>}},
  note         = {DOI: <replace-with-DOI>}
}